<?xml version="1.0" encoding="UTF-8"?><collection xmlns="http://www.loc.gov/MARC21/slim"><record><leader>00389nam--2200133-i-4500</leader><controlfield tag="001">000015034</controlfield><controlfield tag="002">20161230</controlfield><controlfield tag="005">20161230201031</controlfield><controlfield tag="008">060222s1000------------r-----000-0-eng-d</controlfield><datafield ind1=" " ind2=" " tag="080"><subfield code="a">621.316.923</subfield></datafield><datafield ind1=" " ind2=" " tag="100"><subfield code="a">Aizenberg, B.L</subfield></datafield><datafield ind1=" " ind2=" " tag="245"><subfield code="a">Protectia prin sigurante fuzible in instalatii pina la 1000v. traducere din limba rusa</subfield></datafield><datafield ind1=" " ind2=" " tag="260"><subfield code="a">Bucuresti, Editura Tehnica, 1960. 116 P</subfield></datafield><datafield ind1=" " ind2=" " tag="852"><subfield code="a">76317</subfield></datafield></record></collection>